@article{global_study,
    author = "Susan D. Hillis et al.",
    title = "Under the Radar: Global Minimum Estimates for COVID-19-associated Orphanhood and Deaths among Caregivers during 2020",
    journal = "The Lancet",
    volume = "pre-print",
    number = "",
    pages = "",
    year = "2021",
    DOI = "http://dx.doi.org/10.2139/ssrn.3782441",
    keywords = ""
}

@online{browne,
    author = "Kevin Browne",
    title = "The Risk of Harm to Young Children in Institutional Care",
    url  = "http://learn.viva.org/wp-content/uploads/2017/08/The_Risk_of_Harm.pdf",
    addendum = "(accessed: 10.06.2021)",
    keywords = ""
}

@online{covid_US_states,
    author = "New York Times",
    title = "Coronavirus in the U.S.: Latest Map and Case Count",
    url = "https://www.nytimes.com/interactive/2021/us/covid-cases.html",
    addendum = "accessed: 15.06.2021"
}

@online{covid_US_counties,
    author = "Johns Hopkins University",
    title = "COVID-19 United States Cases by County",
    url = "https://coronavirus.jhu.edu/us-map",
    addendum = "accessed: 15.06.2021"
}

@article{johnson,
    author = "Johnson et al.",
    title = "Young Children in Institutional Care at Risk of Harm",
    journal = "Trauma, Violence and Abuse",
    number = "",
    pages = "35-57",
    year = "January 2006",
    DOI = "https://doi.org/10.1177%2F1524838005283696",
    keywords = ""
}

@article{triangle,
author = "Anjli Raval",
title = "Inside the ‘Covid Triangle’: a catastrophe years in the making",
journal = "Financial Times",
year = "March 2021",
url = "https://www.ft.com/content/0e63541a-8b6d-4bec-8b59-b391bf44a492"
}

@article{housing,
author = "Daphne A. Lofquist",
title = "Multigenerational Households: 2009–2011",
journal = "American Community Survey Briefs",
year = "October 2012",
url = "https://www2.census.gov/library/publications/2012/acs/acsbr11-03.pdf"
}

@article{grandparents, 
author = "Sara Cantillon et al.",
title = "COVID-19 and the Pivotal role of Grandparents: Childcare and income Support in the UK and South Africa",
journal = "Feminist Economics",
year = "01 Mar 2021",
DOI = "https://doi.org/10.1080/13545701.2020.1860246"
}

@article{social_covid19,
    author = "Karmakar, Monita and Lantz, Paula M. and Tipirneni, Renuka",
    title = "Association of Social and Demographic Factors With COVID-19 Incidence and Death Rates in the US",
    journal = "JAMA Network Open",
    volume = "4",
    number = "1",
    pages = "e2036462-e2036462",
    year = "2021",
    month = "01",
    issn = "2574-3805",
    doi = "10.1001/jamanetworkopen.2020.36462",
    url = "https://doi.org/10.1001/jamanetworkopen.2020.36462"
}

@article{poverty_fertility,
    author = "Sinding, Steven W",
    title = "Population, poverty and economic development.",
    journal = "Philosophical transactions of the Royal Society of London. Series B, Biological sciences",
    volume = "364",
    number = "",
    pages = "",
    year = "2009",
    month = "",
    issn = "",
    doi = "10.1098/rstb.2009.0145",
    url = "https://doi.org/10.1098/rstb.2009.0145"
}

@online{Male_fertility_data,
    author = "United States Department of Health and Human Services (US DHHS), Centers for Disease Control and Prevention (CDC), National Center for Health Statistics (NCHS), Division of Vital Statistics",
    title = "Natality public-use data on CDC WONDER Online Database, for years 2016-2019 (expanded), available October 2020",
    url = "https://wonder.cdc.gov/natality-expanded-current.html",
    addendum = "accessed: 15.06.2021"
}

@online{Female_fertility_data_2003,
    author = "United States Department of Health and Human Services (US DHHS), Centers for Disease Control and Prevention (CDC), National Center for Health Statistics (NCHS), Division of Vital Statistics",
    title = "Natality public-use data on CDC WONDER Online Database, for years 1995-2002 available November 2005, for years 2003-2006 available March 2009, and for years 2007-2019 available October 2020",
    url = "https://wonder.cdc.gov/natality-v2006.html",
    addendum = "accessed: 15.06.2021"
}

@online{Male_population_data,
    author = " U.S. Census Bureau",
    title = "United States July 1st resident population by state, county, age, sex, single-race, and Hispanic origin, on CDC WONDER Online Database.Vintage 2019 estimates released by U.S. Census Bureau on June 25, 2020.Vintage 2018 estimates released by U.S. Census Bureau on June 20, 2019.Vintage 2017 estimates released by U.S. Census Bureau on June 21, 2018.Vintage 2016 estimates released by U.S. Census Bureau on June 22, 2017",
    url = "https://wonder.cdc.gov/single-race-population.html",
    addendum = "accessed: 15.06.2021"
}

@online{Female_fertility_data_2019,
    author = "United States Department of Health and Human Services (US DHHS), Centers for Disease Control and Prevention (CDC), National Center for Health Statistics (NCHS), Division of Vital Statistics",
    title = "Natality public-use data on CDC WONDER Online Database, for years 1995-2002 available November 2005, for years 2003-2006 available March 2009, and for years 2007-2019 available October 2020",
    url = "https://wonder.cdc.gov/natality-current.html",
    addendum = "accessed: 15.06.2021"
}

@online{Female_population_data,
    author = "United States Department of Health and Human Services (US DHHS), Centers for Disease Control and Prevention (CDC), National Center for Health Statistics (NCHS), Bridged-Race Population Estimates",
    title = "United States July 1st resident population by state, county, age, sex, bridged-race, and Hispanic origin, on CDC WONDER On-line Database.",
    url = "https://wonder.cdc.gov/bridged-race-population.html",
    addendum = "accessed: 15.06.2021"
}

@online{Child_Mortality_Data,
    author = "Data and Analytics Section; Division of Data, Analytics, Planning and Monitoring, UNICEF",
    title = "Mortality among children, adolescents and youth aged 5–24.",
    url = "https://data.unicef.org/topic/child-survival/child-and-youth-mortality-age-5-24/",
    addendum = "accessed: 15.06.2021"
}

@online{COVID_19_Deaths_by_sex_and_age,
    author = "National Center for Health Statistics",
    title = "Provisional COVID-19 Deaths by Sex and Age",
    url = "https://data.cdc.gov/NCHS/Provisional-COVID-19-Deaths-by-Sex-and-Age/9bhg-hcku",
    addendum = "accessed: 15.06.2021"
}

@online{COVID_19_Deaths_by_county_and_race,
    author = "National Center for Health Statistics",
    title = "Provisional COVID-19 Deaths by County, and Race and Hispanic Origin",
    url = "https://data.cdc.gov/NCHS/Provisional-COVID-19-Deaths-by-County-and-Race-and/k8wy-p9cg",
    addendum = "accessed: 15.06.2021"
}

@online{grandparents_data,
    author = "United States Census Bureau",
    title = "GRANDPARENTS, American Community Survey",
    url = "https://data.census.gov/cedsci/table?g=0100000US.04000.001&tid=ACSST5Y2019.S1002",
    addendum = "accessed: 15.06.2021"
}

@online{government_response,
    author = "Centers for Disease Control and Prevention (CDC)",
    title = "About COVID-19 Epidemiology",
    url = "https://www.cdc.gov/coronavirus/2019-ncov/cases-updates/about-epidemiology/index.html" ,
    addendum = "accessed: 15.06.2021"
}